
@STRING(PRL="Phys. Rev. Lett.")
@STRING(NF="Nucl. Fusion")
@STRING(JCP="J. Comput. Phys.")
@STRING(POP="Phys. Plasmas")
@STRING(PFB="Phys. Fluids B")
@STRING(PF="Phys. Fluids")
@STRING(PPCF="Plasma Phys. Control. Fusion")
@STRING(CPC="Comput. Phys. Commun.")
@STRING(CPP="Contrib. Plasma Phys.")
@STRING(TPS="IEEE Trans. Plasma Sci.")
@STRING(BAPS="Bull. Am. Phys. Soc.")
@STRING(JETP="JETP Lett.")
@STRING(JPP="J. Plasma Phys.")
@STRING(PP="Plasma Phys.")
@STRING(FST="Fus. Sci. Tech.")
@STRING(JPCON="J. Phys: Conf. Series")
@STRING(JPFR="J. Plasma Fusion Res. SERIES")
@STRING(RMP="Rev. Mod. Phys.")
@STRING(JNM="J. Nucl. Mater.")
@STRING(NJP="New J. Phys.")


@Article{schaeffer:2014,
  author =       {Schaeffer, D.B. and Everson E.T. and Bondarenko A.S. and Clark, S.E. and Constantin, C.G. and Vincena, S. and Van Compernolle, B. and Tripathi, S.K.P. and Winkse, D. and Gekelman, W. and Niemann, C.},
  title =        {Laser-driven, magnetized quasi-perpendicular collisionless shocks on the {L}arge {P}lasma {D}evice},
  journal =      POP,
  year =         {2014},
  volume =    {21},
  pages =     {056312},
}


@article {niemann:2014,
author = {Niemann, C. and Gekelman, W. and Constantin, C. G. and Everson, E. T. and Schaeffer, D. B. and Bondarenko, A. S. and Clark, S. E. and Winske, D. and Vincena, S. and Van Compernolle, B. and Pribyl, P.},
title = {Observation of collisionless shocks in a large current-free laboratory plasma},
journal = {Geophysical Research Letters},
volume = {41},
number = {21},
issn = {1944-8007},
url = {http://dx.doi.org/10.1002/2014GL061820},
doi = {10.1002/2014GL061820},
pages = {7413--7418},
keywords = {Plasmas, Interplanetary shocks, Planetary bow shocks, collisionless shock, laboratory astrophysics, planetary bow shock},
year = {2014},
}


@article{clark:2014,
  title = {Enhanced collisionless shock formation in a magnetized plasma containing a density gradient},
  author = {Clark, S. E. and Everson, E. T. and Schaeffer, D. B. and Bondarenko, A. S. and Constantin, C. G. and Niemann, C. and Winske, D.},
  journal = {Phys. Rev. E},
  volume = {90},
  issue = {4},
  pages = {041101},
  numpages = {5},
  year = {2014},
  month = {Oct},
  publisher = {American Physical Society},
  doi = {10.1103/PhysRevE.90.041101},
  url = {http://link.aps.org/doi/10.1103/PhysRevE.90.041101}
}

@article {thorne:2010,
author = {Thorne, R.M.},
title = {Radiation belt dynamics: The importance of wave-particle interactions},
journal = {Geophysical Research Letters},
volume = {37},
number = {22},
issn = {1944-8007},
url = {http://dx.doi.org/10.1029/2010GL044990},
doi = {10.1029/2010GL044990},
keywords = {Energetic particles: trapped, Energetic particles: precipitating, Magnetosphere: inner, Radiation belts, Plasma waves and instabilities, wave-particle, radiation belts},
year = {2010},
pages = {L22107},
}

@article{reeves:2013,
author = {Reeves, G. D. and Spence, H. E. and Henderson, M. G. and Morley, S. K. and Friedel, R. H. W. and Funsten, H. O. and Baker, D. N. and Kanekal, S. G. and Blake, J. B. and Fennell, J. F. and Claudepierre, S. G. and Thorne, R. M. and Turner, D. L. and Kletzing, C. A. and Kurth, W. S. and Larsen, B. A. and Niehof, J. T.}, 
title = {Electron Acceleration in the Heart of the Van Allen Radiation Belts},
volume = {341}, 
number = {6149}, 
pages = {991-994}, 
year = {2013}, 
doi = {10.1126/science.1237743}, 
abstract ={The Van Allen radiation belts contain ultrarelativistic
                  electrons trapped in Earth's magnetic field. Since
                  their discovery in 1958, a fundamental unanswered
                  question has been how electrons can be accelerated
                  to such high energies. Two classes of processes have
                  been proposed: transport and acceleration of
                  electrons from a source population located outside
                  the radiation belts (radial acceleration) or
                  acceleration of lower-energy electrons to
                  relativistic energies in situ in the heart of the
                  radiation belts (local acceleration). We report
                  measurements from NASA's Van Allen Radiation Belt
                  Storm Probes that clearly distinguish between the
                  two types of acceleration. The observed radial
                  profiles of phase space density are characteristic
                  of local acceleration in the heart of the radiation
                  belts and are inconsistent with a predominantly
                  radial acceleration process.}, 
URL = {http://www.sciencemag.org/content/341/6149/991.abstract}, 
eprint = {http://www.sciencemag.org/content/341/6149/991.full.pdf}, 
journal = {Science} 
}

@article {horne:2005,
author = {Horne, Richard B. and Thorne, Richard M. and Glauert, Sarah A. and Albert, Jay M. and Meredith, Nigel P. and Anderson, Roger R.},
title = {Timescale for radiation belt electron acceleration by whistler mode chorus waves},
journal = {Journal of Geophysical Research: Space Physics},
volume = {110},
number = {A3},
issn = {2156-2202},
url = {http://dx.doi.org/10.1029/2004JA010811},
doi = {10.1029/2004JA010811},
keywords = {Radiation belts, Magnetic storms and substorms, Energetic particles: precipitating, Energetic particles: trapped, Plasma waves and instabilities, radiation belts, electron acceleration, wave acceleration, chorus waves, pitch angle diffusion},
year = {2005},
pages = {A03225},
}


@article{thorne:2013,
	Author = {Thorne, R. M. and Li, W. and Ni, B. and Ma, Q. and Bortnik, J. and Chen, L. and Baker, D. N. and Spence, H. E. and Reeves, G. D. and Henderson, M. G. and Kletzing, C. A. and Kurth, W. S. and Hospodarsky, G. B. and Blake, J. B. and Fennell, J. F. and Claudepierre, S. G. and Kanekal, S. G.},
	Date = {2013/12/19/print},
	Date-Added = {2015-07-23 19:03:58 +0000},
	Date-Modified = {2015-07-23 19:03:58 +0000},
	Day = {19},
	Isbn = {0028-0836},
	Journal = {Nature},
	L3 = {10.1038/nature12889; http://www.nature.com/nature/journal/v504/n7480/abs/nature12889.html#supplementary-information},
	M3 = {Letter},
	Month = {12},
	Number = {7480},
	Pages = {411--414},
	Publisher = {Nature Publishing Group, a division of Macmillan Publishers Limited. All Rights Reserved.},
	Title = {Rapid local acceleration of relativistic radiation-belt electrons by magnetospheric chorus},
	Ty = {JOUR},
	Url = {http://dx.doi.org/10.1038/nature12889},
	Volume = {504},
	Year = {2013},
	Bdsk-Url-1 = {http://dx.doi.org/10.1038/nature12889}}

@article{vancompernolle:2014,
  title = {Direct Detection of Resonant Electron Pitch Angle Scattering by Whistler Waves in a Laboratory Plasma},
  author = {Van Compernolle, B. and Bortnik, J. and Pribyl, P. and Gekelman, W. and Nakamoto, M. and Tao, X. and Thorne, R. M.},
  journal = {Phys. Rev. Lett.},
  volume = {112},
  issue = {14},
  pages = {145006},
  numpages = {5},
  year = {2014},
  month = {Apr},
  publisher = {American Physical Society},
  doi = {10.1103/PhysRevLett.112.145006},
  url = {http://link.aps.org/doi/10.1103/PhysRevLett.112.145006}
}

@article{vancompernolle:2015a,
  title = {Excitation of Chirping Whistler Waves in a Laboratory Plasma},
  author = {Van Compernolle, B. and An, X. and Bortnik, J. and Thorne, R. M. and Pribyl, P. and Gekelman, W.},
  journal = {Phys. Rev. Lett.},
  volume = {114},
  issue = {24},
  pages = {245002},
  numpages = {5},
  year = {2015},
  month = {Jun},
  publisher = {American Physical Society},
  doi = {10.1103/PhysRevLett.114.245002},
  url = {http://link.aps.org/doi/10.1103/PhysRevLett.114.245002}
}

@article{wang:2012,
  title = {Scattering of Magnetic Mirror Trapped Fast Electrons by a Shear Alfv\'{e}n Wave},
  author = {Wang, Yuhou and Gekelman, Walter and Pribyl, Patrick and Papadopoulos, Konstantinos},
  journal = {Phys. Rev. Lett.},
  volume = {108},
  issue = {10},
  pages = {105002},
  numpages = {5},
  year = {2012},
  month = {Mar},
  publisher = {American Physical Society},
  doi = {10.1103/PhysRevLett.108.105002},
  url = {http://link.aps.org/doi/10.1103/PhysRevLett.108.105002}
}

@Misc{laptag,
  OPTkey =       {},
  OPTauthor =    {},
  OPTtitle =     {},
  OPThowpublished = {},
  OPTmonth =     {},
  OPTyear =      {},
  note =      {http://plasmalab.pbworks.com},
  OPTannote =    {}
}


@article{wang:2013,
   author = "Wang, Y. and Gekelman, W. and Pribyl, P.",
   title = "Hard x-ray tomographic studies of the destruction of an energetic electron ring",
   journal = "Review of Scientific Instruments",
   year = "2013",
   volume = "84",
   number = "5", 
   pages = 053503,
   url = "http://scitation.aip.org/content/aip/journal/rsi/84/5/10.1063/1.4804354",
   doi = "http://dx.doi.org/10.1063/1.4804354" 
}

@article{wang:2014,
   author = "Wang, Y. and Gekelman, W. and Pribyl, P. and Papadopoulos, K.",
   title = "Enhanced loss of magnetic-mirror-trapped fast electrons by a shear Alfv\'{e}n wave",
   journal = "Physics of Plasmas",
   year = "2014",
   volume = "21",
   number = "5", 
   pages = 055705,
   url = "http://scitation.aip.org/content/aip/journal/pop/21/5/10.1063/1.4874332",
   doi = "http://dx.doi.org/10.1063/1.4874332" 
}

@article{pace:2008,
   author = "Pace, D. C. and Shi, M. and Maggs, J. E. and Morales, G. J. and Carter, T. A.",
   title = "Exponential frequency spectrum and Lorentzian pulses in magnetized plasmas",
   journal = "Physics of Plasmas",
   year = "2008",
   volume = "15",
   number = "12", 
   pages = 122304,
   url = "http://scitation.aip.org/content/aip/journal/pop/15/12/10.1063/1.3023155",
   doi = "http://dx.doi.org/10.1063/1.3023155" 
}


  	
@article{maggs:2013,
  author={J E Maggs and G J Morales},
  title={Permutation entropy analysis of temperature fluctuations from a basic electron heat transport experiment},
  journal={Plasma Physics and Controlled Fusion},
  volume={55},
  number={8},
  pages={085015},
  url={http://stacks.iop.org/0741-3335/55/i=8/a=085015},
  year={2013}
 }

	

@article{rosso:2007,
  title = {Distinguishing Noise from Chaos},
  author = {Rosso, O. A. and Larrondo, H. A. and Martin, M. T. and Plastino, A. and Fuentes, M. A.},
  journal = {Phys. Rev. Lett.},
  volume = {99},
  issue = {15},
  pages = {154102},
  numpages = {4},
  year = {2007},
  month = {Oct},
  publisher = {American Physical Society},
  doi = {10.1103/PhysRevLett.99.154102},
  url = {http://link.aps.org/doi/10.1103/PhysRevLett.99.154102}
}

  	
@article{maggs:2012a,
  author={J E Maggs and G J Morales},
  title={Exponential power spectra, deterministic chaos and Lorentzian pulses in plasma edge dynamics},
  journal={Plasma Physics and Controlled Fusion},
  volume={54},
  number={12},
  pages={124041},
  url={http://stacks.iop.org/0741-3335/54/i=12/a=124041},
  year={2012}
}
	
  	
@article{maggs:2015,
  author={J E Maggs and T L Rhodes and G J Morales},
  title={Chaotic density fluctuations in L-mode plasmas of the DIII-D tokamak},
  journal={Plasma Physics and Controlled Fusion},
  volume={57},
  number={4},
  pages={045004},
  url={http://stacks.iop.org/0741-3335/57/i=4/a=045004},
  year={2015}
}

@article{bandt:2002,
  title = {Permutation Entropy: A Natural Complexity Measure for Time Series},
  author = {Bandt, Christoph and Pompe, Bernd},
  journal = {Phys. Rev. Lett.},
  volume = {88},
  issue = {17},
  pages = {174102},
  numpages = {4},
  year = {2002},
  month = {Apr},
  publisher = {American Physical Society},
  doi = {10.1103/PhysRevLett.88.174102},
  url = {http://link.aps.org/doi/10.1103/PhysRevLett.88.174102}
}

	
@article{maggs:2012b,
  title = {Origin of Lorentzian pulses in deterministic chaos},
  author = {Maggs, J. E. and Morales, G. J.},
  journal = {Phys. Rev. E},
  volume = {86},
  issue = {1},
  pages = {015401},
  numpages = {5},
  year = {2012},
  month = {Jul},
  publisher = {American Physical Society},
  doi = {10.1103/PhysRevE.86.015401},
  url = {http://link.aps.org/doi/10.1103/PhysRevE.86.015401}
}

@article{vincena:2010,
   author = "Vincena, S. T. and Morales, G. J. and Maggs, J. E.",
   title = "Effect of two ion species on the propagation of shear {A}lfv\'{e}n waves of small transverse scale",
   journal = "Physics of Plasmas",
   year = "2010",
   volume = "17",
   number = "5", 
   pages = 052106,
   url = "http://scitation.aip.org/content/aip/journal/pop/17/5/10.1063/1.3422549",
   doi = "http://dx.doi.org/10.1063/1.3422549" 
}

@article {vincena:2011,
author = {Vincena, S. T. and Farmer, W. A. and Maggs, J. E. and Morales, G. J.},
title = {Laboratory realization of an ion-ion hybrid Alfv\'{e}n wave resonator},
journal = {Geophysical Research Letters},
volume = {38},
number = {11},
issn = {1944-8007},
url = {http://dx.doi.org/10.1029/2011GL047399},
doi = {10.1029/2011GL047399},
keywords = {Auroral ionosphere, Field-aligned currents and current systems, Planetary magnetospheres, Plasma waves and instabilities, Alfv\'{e}n waves, field-line resonances, magnetospheric resonators, multi-ion species plasmas},
year = {2011},
pages = {L11101},
}

@article{farmer:2012,
   author = "Farmer, W. A. and Morales, G. J.",
   title = "Cherenkov radiation of shear Alfv\'{e}n waves in plasmas with two ion species",
   journal = "Physics of Plasmas",
   year = "2012",
   volume = "19",
   number = "9", 
   pages = 092109,
   url = "http://scitation.aip.org/content/aip/journal/pop/19/9/10.1063/1.4751462",
   doi = "http://dx.doi.org/10.1063/1.4751462" 
}


@article{farmer:2014,
   author = "Farmer, W. A. and Morales, G. J.",
   title = "The ion-ion hybrid Alfv\'{e}n resonator in a fusion environment",
   journal = "Physics of Plasmas",
   year = "2014",
   volume = "21",
   number = "6", 
   pages = 062507,
   url = "http://scitation.aip.org/content/aip/journal/pop/21/6/10.1063/1.4882662",
   doi = "http://dx.doi.org/10.1063/1.4882662" 
}


@article{vincena:2013,
   author = "Vincena, S. T. and Farmer, W. A. and Maggs, J. E. and Morales, G. J.",
   title = "Investigation of an ion-ion hybrid Alfv\'{e}n wave resonator",
   journal = "Physics of Plasmas",
   year = "2013",
   volume = "20",
   number = "1", 
   pages = 012111,
   url = "http://scitation.aip.org/content/aip/journal/pop/20/1/10.1063/1.4775777",
   doi = "http://dx.doi.org/10.1063/1.4775777" 
}

@article{farmer:2013,
   author = "Farmer, W. A. and Morales, G. J.",
   title = "Propagation of shear Alvén waves in two-ion species plasmas confined by a nonuniform magnetic field",
   journal = "Physics of Plasmas",
   year = "2013",
   volume = "20",
   number = "8", 
   eid = 082132,
   pages = "-",
   url = "http://scitation.aip.org/content/aip/journal/pop/20/8/10.1063/1.4819776",
   doi = "http://dx.doi.org/10.1063/1.4819776" 
}

@article{lawrence:2009,
  title = {Identification of a Quasiseparatrix Layer in a Reconnecting Laboratory Magnetoplasma},
  author = {Lawrence, Eric E. and Gekelman, Walter},
  journal = {Phys. Rev. Lett.},
  volume = {103},
  issue = {10},
  pages = {105002},
  numpages = {4},
  year = {2009},
  month = {Sep},
  publisher = {American Physical Society},
  doi = {10.1103/PhysRevLett.103.105002},
  url = {http://link.aps.org/doi/10.1103/PhysRevLett.103.105002}
}


  	
@article{gekelman:2010,
  author={W Gekelman and E Lawrence and A Collette and S Vincena and B Van Compernolle and P Pribyl and M Berger and J Campbell},
  title={Magnetic field line reconnection in the current systems of flux ropes and Alfv\'{e}n waves},
  journal={Physica Scripta},
  volume={2010},
  number={T142},
  pages={014032},
  url={http://stacks.iop.org/1402-4896/2010/i=T142/a=014032},
  year={2010}
}
	
@article{vancompernolle:2011,
   author = "Van Compernolle, B. and Gekelman, W. and Pribyl, P. and Cooper, C. M.",
   title = "Wave and transport studies utilizing dense plasma filaments generated with a lanthanum hexaboride cathode",
   journal = "Physics of Plasmas",
   year = "2011",
   volume = "18",
   number = "12", 
   pages = 123501,
   url = "http://scitation.aip.org/content/aip/journal/pop/18/12/10.1063/1.3671909",
   doi = "http://dx.doi.org/10.1063/1.3671909" 
}

  	
@article{gekelman:2014,
  author={Walter Gekelman and Bart Van Compernolle and Tim DeHaas and Stephen Vincena},
  title={Chaos in magnetic flux ropes},
  journal={Plasma Physics and Controlled Fusion},
  volume={56},
  number={6},
  pages={064002},
  url={http://stacks.iop.org/0741-3335/56/i=6/a=064002},
  year={2014}
}

@article{vancompernolle:2015b,
  title = {Laboratory study of avalanches in magnetized plasmas},
  author = {Van Compernolle, B. and Morales, G. J. and Maggs, J. E. and Sydora, R. D.},
  journal = {Phys. Rev. E},
  volume = {91},
  issue = {3},
  pages = {031102},
  numpages = {5},
  year = {2015},
  month = {Mar},
  publisher = {American Physical Society},
  doi = {10.1103/PhysRevE.91.031102},
  url = {http://link.aps.org/doi/10.1103/PhysRevE.91.031102}
}
	




@Article{popovich:2010a,
author =         {P. Popovich and M. V. Umansky and T. A. Carter and B. Friedman},
title =          {Analysis of plasma instabilities and verification of BOUT code for linear plasma device},
year =           2010,
journal =        POP,
volume =         17,
pages =          102107 
}



@Article{popovich:2010b,
  author =       {P. Popovich and M. V. Umansky and T. A. Carter and B. Friedman},
  title =        {Modeling of plasma turbulence and transport in the Large Plasma Device},
  journal =      POP, 
  year =         2010,
  volume =       17,
  pages =        122312
}

@Article{umansky:2011,
  author =       {M. V. Umansky and P. Popovich and T. A. Carter and B. Friedman and W. M. Nevins},
  title =        {Numerical simulation and analysis of plasma turbulence the Large Plasma Device },
  journal =      POP, 
  year =         2011,
  volume =       18,
  pages =        055709
}




@Article{drake:1995,
  author =       {J. F. Drake and A. Zeiler and D. Biskamp},
  title =        {Nonlinear Self-Sustained Drift-Wave Turbulence},
  journal =      PRL,
  year =         {1995},
  volume =    75,
  pages =     {4222}
}

@Article{biskamp:1995,
  author =       {D. Biskamp and A. Zeiler},
  title =        {Nonlinear Instability Mechanism in 3D Collisional Drift-Wave Turbulence},
  journal =      PRL,
  year =         {1995},
  volume =    74,
  pages =     {706}
}


@Article{scott:1990,
  author =       {B. D. Scott},
  title =        {Self-Sustained Collisional Drift-Wave Turbulence in a Sheared Magnetic Field},
  journal =      PRL,
  year =         {1990},
  volume =    65,
  pages =     {3289}
}

@Article{friedman:2012a,
  author =       {B. Friedman and M. V. Umansky and T. A. Carter},
  title =        {Grid Convergence Study in a Simulation of LAPD Turbulence},
  journal =      CPP,
  year =         {2012},
  volume =    52,
  pages =     {412-416}
}

@Article{friedman:2012b,
  author =       {B. Friedman and T. A. Carter and M. V. Umansky and D. Schaffner and B. Dudson},
  title =       {Energy dynamics in a simulation of LAPD turbulence},
  journal =      POP,
  year =         {2012},
  volume =    19,
  pages =     {102307}
}

@Article{friedman:2013,
  author =       {B. Friedman and T. A. Carter and M. V. Umansky and D. Schaffner and I. Joseph},
  title =       {Nonlinear instability in simulations of Large Plasma Device turbulence},
  journal =      POP,
  year =         {2013},
  volume =    20,
  pages =      {055704}
}


@Article{schaffner:2012,
  author =       {D. A. Schaffner and T. A. Carter and G. D. Rossi and D. S. Guice and J. E. Maggs and S. Vincena and B. Friedman},
  title =        {Modification of Turbulent Transport with Continuous Variation of Flow Shear in the Large Plasma Device},
  journal =      PRL,
  year =         {2012},
  volume =    109,
  pages =     {135002}
}

@Article{schaffner:2013,
  author =       {D. A. Schaffner and T. A. Carter and G. D. Rossi and D. S. Guice and J. E. Maggs and S. Vincena and B. Friedman},
  title =        {Turbulence and transport suppression scaling with flow shear on the Large Plasma Device},
  journal =      POP,
  year =         {2013},
  volume =    20,
  pages =     {055907}
}

@Article{friedman:2014,
  author =       {Friedman, B. and Carter, T.A.},
  title =        {Linear Technique to Understand Non-Normal Turbulence Applied to a Magnetized Plasma},
  journal =      PRL,
  year =         {2014},
  OPTkey =       {},
  volume =    {113},
  pages =     {025003},
  OPTmonth =     {},
  OPTnote =      {},
  OPTannote =    {}
}

@Article{friedman:2015,
  author =       {Friedman, B. and Carter, T.A.},
  title =        {A non-modal analytical method to predict turbulent properties applied to the {H}asegawa-{W}akatani model},
  journal =      POP,
  year =         {2015},
  OPTkey =       {},
  volume =    {22},
  OPTnumber =    {},
  pages =     {012307},
  OPTmonth =     {},
  OPTnote =      {},
  OPTannote =    {}
}


@article{terry:2000,
	Author = {Terry, P. W.},
	Journal = {Rev. Mod. Phys.},
	Pages = {109--165},
	Title = {Suppression of turbulence and transport by sheared flow},
	Volume = {72},
	Year = {2000}}

@article{carter:2006,
	Author = {Carter, T. A.},
	Date-Added = {2008-10-21 09:42:55 -0700},
	Date-Modified = {2008-10-21 09:43:45 -0700},
	Journal = {Phys. Plasmas},
	Pages = {010701},
	Title = {Intermittent turbulence and turbulent structures in a linear magnetized plasma},
	Volume = {13},
	Year = {2006}}


@article{carter:2009,
        Author= {Carter, T. A. and Maggs, J. E.},
        Journal = {Phys. Plasmas},
        Pages = {012304},
        Volume= {16},
        Title={Modifications of turbulence and turbulent transport associated with a bias-induced confinement transition in the Large Plasma Device},
        Year={2009}}

@article{maggs:2007,
	Author = {Maggs, J. E. and Carter, T. A. and Taylor, R. J.},
	Journal = {Phys. Plasmas},
	Pages = {052507},
	Title = {Transition from Bohm to classical diffusion due to edge rotation  of a cylindrical plasma},
	Volume = {14},
	Year = {2007}}

@article{staebler:2013,
  title = {New Paradigm for Suppression of Gyrokinetic Turbulence by Velocity Shear},
  author = {Staebler, G. M. and Waltz, R. E. and Candy, J. and Kinsey, J. E.},
  journal = {Phys. Rev. Lett.},
  volume = {110},
  issue = {5},
  pages = {055003},
  numpages = {5},
  year = {2013},
  month = {Jan},
  publisher = {American Physical Society},
  doi = {10.1103/PhysRevLett.110.055003},
  url = {http://link.aps.org/doi/10.1103/PhysRevLett.110.055003}
}


@Article{Iroshnikov:1963,
  author =       "R. S. Iroshnikov",
  title =        "The turbulence of a conducting fluid in a strong magnetic field",
  journal =      "Astron. Zh.",
  year =         "1963",
  volume =       "40",
  pages =        "742",
  note =         "{English} Translation: Sov. Astron., 7 566 (1964)"
}
@Article{Kraichnan:1965,
  author =       "R. H. Kraichnan",
  title =        "Inertial Range Spectrum of Hyromagnetic Turbulence",
  journal =      pf,
  year =         "1965",
  volume =       "8",
  pages =        "1385--1387",
}

@ARTICLE{Auerbach:2011,
   author = {{Auerbach}, D.~W. and {Carter}, T.~A. and {Vincena}, S. and 
	{Popovich}, P.},
    title = "{Resonant drive and nonlinear suppression of gradient-driven instabilities via interaction with shear Alfv{\'e}n waves}",
  journal = pop,
 keywords = {plasma Alfven waves, plasma fluctuations, plasma instability, plasma nonlinear processes, plasma pressure, Nonlinear phenomena: waves, wave propagation, and other interactions, Macroinstabilities, Magnetohydrodynamic waves, Fluctuation and chaos phenomena},
     year = 2011,
    month = may,
   volume = 18,
   number = 5,
    pages = {055708-+},
      doi = {10.1063/1.3574506},
   adsurl = {http://adsabs.harvard.edu/abs/2011PhPl...18e5708A},
  adsnote = {Provided by the SAO/NASA Astrophysics Data System}
}
@ARTICLE{Kletzing:2010,
   author = {{Kletzing}, C.~A. and {Thuecks}, D.~J. and {Skiff}, F. and {Bounds}, S.~R. and 
	{Vincena}, S.},
    title = "{Measurements of Inertial Limit Alfv{\'e}n Wave Dispersion for Finite Perpendicular Wave Number}",
  journal = prl,
 keywords = {Electromagnetic waves, Laboratory studies of space- and astrophysical-plasma processes},
     year = 2010,
    month = mar,
   volume = 104,
   number = 9,
    pages = {095001-+},
      doi = {10.1103/PhysRevLett.104.095001},
   adsurl = {http://adsabs.harvard.edu/abs/2010PhRvL.104i5001K},
  adsnote = {Provided by the SAO/NASA Astrophysics Data System}
}
@ARTICLE{Thuecks:2009,
   author = {{Thuecks}, D.~J. and {Kletzing}, C.~A. and {Skiff}, F. and {Bounds}, S.~R. and 
	{Vincena}, S.},
    title = "{Tests of collision operators using laboratory measurements of shear Alfv{\'e}n wave dispersion and damping}",
  journal = pop,
 keywords = {Boltzmann equation, plasma Alfven waves, plasma collision processes, plasma magnetohydrodynamics},
     year = 2009,
    month = may,
   volume = 16,
   number = 5,
    pages = {052110-+},
      doi = {10.1063/1.3140037},
   adsurl = {http://adsabs.harvard.edu/abs/2009PhPl...16e2110T},
  adsnote = {Provided by the SAO/NASA Astrophysics Data System}
}
@ARTICLE{Howes:2012b,
   author = {{Howes}, G.~G. and {Drake}, D.~J. and {Nielson}, K.~D. and {Carter}, T.~A. and 
	{Kletzing}, C.~A. and {Skiff}, F.},
    title = "{Toward Astrophysical Turbulence in the Laboratory}",
  journal = prl,
archivePrefix = "arXiv",
   eprint = {1210.4568},
 primaryClass = "physics.plasm-ph",
 keywords = {Laboratory studies of space- and astrophysical-plasma processes, Magnetohydrodynamic waves, Nonlinear phenomena: waves, wave propagation, and other interactions, Plasma turbulence},
     year = 2012,
    month = dec,
   volume = 109,
   number = 25,
      eid = {255001},
    pages = {255001},
      doi = {10.1103/PhysRevLett.109.255001},
   adsurl = {http://adsabs.harvard.edu/abs/2012PhRvL.109y5001H},
  adsnote = {Provided by the SAO/NASA Astrophysics Data System}
}

@ARTICLE{Howes:2013a,
   author = {{Howes}, G.~G. and {Nielson}, K.~D.},
    title = "{Alfv{\'e}n wave collisions, the fundamental building block of plasma turbulence. I. Asymptotic solution}",
  journal = pop,
archivePrefix = "arXiv",
   eprint = {1306.1455},
 primaryClass = "astro-ph.SR",
 keywords = {astrophysical plasma, plasma Alfven waves, plasma collision processes, plasma fluctuations, plasma magnetohydrodynamics, plasma nonlinear waves, plasma turbulence, Magnetohydrodynamic waves, Nonlinear phenomena: waves wave propagation and other interactions, Plasma turbulence, Magnetohydrodynamics and plasmas, Elementary processes in plasmas, Fluctuation and chaos phenomena},
     year = 2013,
    month = jul,
   volume = 20,
   number = 7,
    pages = {072302},
      doi = {10.1063/1.4812805},
   adsurl = {http://adsabs.harvard.edu/abs/2013PhPl...20g2302H},
  adsnote = {Provided by the SAO/NASA Astrophysics Data System}
}




@ARTICLE{Howes:2013b,
   author = {{Howes}, G.~G. and {Nielson}, K.~D. and {Drake}, D.~J. and {Schroeder}, J.~W.~R. and 
	{Skiff}, F. and {Kletzing}, C.~A. and {Carter}, T.~A.},
    title = "{Alfv{\'e}n wave collisions, the fundamental building block of plasma turbulence. III. Theory for experimental design}",
  journal = {Physics of Plasmas},
archivePrefix = "arXiv",
   eprint = {1306.1460},
 primaryClass = "astro-ph.SR",
 keywords = {astrophysical plasma, plasma Alfven waves, plasma collision processes, plasma nonlinear waves, plasma turbulence, Magnetohydrodynamic waves, Nonlinear phenomena: waves wave propagation and other interactions, Plasma turbulence, Laboratory studies of space- and astrophysical-plasma processes, Magnetohydrodynamics and plasmas, Elementary processes in plasmas},
     year = 2013,
    month = jul,
   volume = 20,
   number = 7,
    pages = {072304},
      doi = {10.1063/1.4812808},
   adsurl = {http://adsabs.harvard.edu/abs/2013PhPl...20g2304H},
  adsnote = {Provided by the SAO/NASA Astrophysics Data System}
}

@ARTICLE{Nielson:2013a,
   author = {{Nielson}, K.~D. and {Howes}, G.~G. and {Dorland}, W.},
    title = "{Alfv{\'e}n wave collisions, the fundamental building block of plasma turbulence. II. Numerical solution}",
  journal = {Physics of Plasmas},
archivePrefix = "arXiv",
   eprint = {1306.1456},
 primaryClass = "astro-ph.SR",
 keywords = {astrophysical plasma, numerical analysis, plasma Alfven waves, plasma collision processes, plasma magnetohydrodynamics, plasma nonlinear waves, plasma simulation, plasma turbulence, Magnetohydrodynamic waves, Nonlinear phenomena: waves wave propagation and other interactions, Plasma turbulence, Gyrofluid and gyrokinetic simulations, Numerical simulation, solution of equations, Elementary processes in plasmas},
     year = 2013,
    month = jul,
   volume = 20,
   number = 7,
    pages = {072303},
      doi = {10.1063/1.4812807},
   adsurl = {http://adsabs.harvard.edu/abs/2013PhPl...20g2303N},
  adsnote = {Provided by the SAO/NASA Astrophysics Data System}
}
@ARTICLE{Drake:2013,
   author = {{Drake}, D.~J. and {Schroeder}, J.~W.~R. and {Howes}, G.~G. and 
	{Kletzing}, C.~A. and {Skiff}, F. and {Carter}, T.~A. and {Auerbach}, D.~W.
	},
    title = "{Alfv{\'e}n wave collisions, the fundamental building block of plasma turbulence. IV. Laboratory experiment}",
  journal = {Physics of Plasmas},
archivePrefix = "arXiv",
   eprint = {1306.1130},
 primaryClass = "astro-ph.SR",
 keywords = {astrophysical plasma, plasma Alfven waves, plasma collision processes, plasma magnetohydrodynamics, plasma nonlinear waves, plasma theory, plasma turbulence, Magnetohydrodynamic waves, Nonlinear phenomena: waves wave propagation and other interactions, Plasma turbulence, Magnetohydrodynamics and plasmas, MHD waves, plasma waves turbulence, Magnetohydrodynamics},
     year = 2013,
    month = jul,
   volume = 20,
   number = 7,
    pages = {072901},
      doi = {10.1063/1.4813242},
   adsurl = {http://adsabs.harvard.edu/abs/2013PhPl...20g2901D},
  adsnote = {Provided by the SAO/NASA Astrophysics Data System}
}

@article{zhang:2008a,
   author = "Zhang, Yang and Heidbrink, W. W. and Boehmer, H. and McWilliams, R. and Chen, Guangye and Breizman, B. N. and Vincena, S. and Carter, T. and Leneman, D. and Gekelman, W. and Pribyl, P. and Brugman, B.",
   title = "Spectral gap of shear Alfv\'en waves in a periodic array of magnetic mirrors",
   journal = "Physics of Plasmas",
   year = "2008",
   volume = "15",
   number = "1", 
   eid = 012103,
   pages = "-",
   url = "http://scitation.aip.org/content/aip/journal/pop/15/1/10.1063/1.2827518",
   doi = "http://dx.doi.org/10.1063/1.2827518" 
}

@article{zhou:2010,
   author = "Zhou, Shu and Heidbrink, W. W. and Boehmer, H. and McWilliams, R. and Carter, T. and Vincena, S. and Tripathi, S. K. P. and Popovich, P. and Friedman, B. and Jenko, F.",
   title = "Turbulent transport of fast ions in the Large Plasma Device",
   journal = "Physics of Plasmas",
   year = "2010",
   volume = "17",
   number = "9", 
   eid = 092103,
   pages = "-",
   url = "http://scitation.aip.org/content/aip/journal/pop/17/9/10.1063/1.3486532",
   doi = "http://dx.doi.org/10.1063/1.3486532" 
}

@article{zhou:2011,
   author = "Zhou, Shu and Heidbrink, W. W. and Boehmer, H. and McWilliams, R. and Carter, T. A. and Vincena, S. and Tripathi, S. K. P.",
   title = "Dependence of fast-ion transport on the nature of the turbulence in the Large Plasma Device",
   journal = "Physics of Plasmas",
   year = "2011",
   volume = "18",
   number = "8", 
   eid = 082104,
   pages = "-",
   url = "http://scitation.aip.org/content/aip/journal/pop/18/8/10.1063/1.3622203",
   doi = "http://dx.doi.org/10.1063/1.3622203" 
}

@article{zhang:2009,
   author = "Zhang, Yang and Heidbrink, W. W. and Zhou, Shu and Boehmer, H. and McWilliams, R. and Carter, T. A. and Vincena, S. and Lilley, M. K.",
   title = "Doppler-shifted cyclotron resonance of fast ions with circularly polarized shear Alfv\'en waves)",
   journal = "Physics of Plasmas",
   year = "2009",
   volume = "16",
   number = "5", 
   eid = 055706,
   pages = "-",
   url = "http://scitation.aip.org/content/aip/journal/pop/16/5/10.1063/1.3103813",
   doi = "http://dx.doi.org/10.1063/1.3103813" 
}

@article{zhou:2012a,
   author = "Zhou, S. and Heidbrink, W. W. and Boehmer, H. and McWilliams, R. and Carter, T. A. and Vincena, S. and Friedman, B. and Schaffner, D.",
   title = "Sheared-flow induced confinement transition in a linear magnetized plasma",
   journal = "Physics of Plasmas",
   year = "2012",
   volume = "19",
   number = "1", 
   eid = 012116,
   pages = "-",
   url = "http://scitation.aip.org/content/aip/journal/pop/19/1/10.1063/1.3677361",
   doi = "http://dx.doi.org/10.1063/1.3677361" 
}

  	
@article{heidbrink:2012,
  author={W W Heidbrink and H Boehmer and R McWilliams and A Preiwisch and Y Zhang and L Zhao and S Zhou and A Bovet and A Fasoli and I Furno and K
Gustafson and P Ricci and T Carter and D Leneman and S K P Tripathi and S Vincena},
  title={Measurements of interactions between waves and energetic ions in basic plasma experiments},
  journal={Plasma Physics and Controlled Fusion},
  volume={54},
  number={12},
  pages={124007},
  url={http://stacks.iop.org/0741-3335/54/i=12/a=124007},
  year={2012},
  abstract={To measure the transport of fast ions by various types of waves, complementary experiments are conducted in linear and toroidal magnetic fields in the large plasma device and the toroidal plasma experiment. Lithium sources that are immersed in the plasma provide the energetic ions. Spatial scans of collectors measure the transport. Techniques to find the beam and optimize the spatial sensitivity are described. Measurements of Coulomb scattering, resonant interaction with Alfvén waves, and transport by drift-wave and interchange turbulence are summarized.}
}


	
@article{zhang:2008b,
   author = "Zhang, Yang and Heidbrink, W. W. and Boehmer, H. and McWilliams, R. and Vincena, S. and Carter, T. A. and Gekelman, W. and Leneman, D. and Pribyl, P.",
   title = "Observation of fast-ion Doppler-shifted cyclotron resonance with shear Alfv\'en waves",
   journal = "Physics of Plasmas",
   year = "2008",
   volume = "15",
   number = "10", 
   eid = 102112,
   pages = "-",
   url = "http://scitation.aip.org/content/aip/journal/pop/15/10/10.1063/1.2996323",
   doi = "http://dx.doi.org/10.1063/1.2996323" 
}

@article{zhang:2007,
   author = "Zhang, Y. and Boehmer, H. and Heidbrink, W. W. and McWilliams, R. and Leneman, D. and Vincena, S.",
   title = "Lithium ion sources for investigations of fast ion transport in magnetized plasmas",
   journal = "Review of Scientific Instruments",
   year = "2007",
   volume = "78",
   number = "1", 
   eid = 013302,
   pages = "-",
   url = "http://scitation.aip.org/content/aip/journal/rsi/78/1/10.1063/1.2431086",
   doi = "http://dx.doi.org/10.1063/1.2431086" 
}


@article{zhao:2005,
   author = "Zhao, L. and Heidbrink, W. W. and Boehmer, H. and McWilliams, R. and Leneman, D. and Vincena, S.",
   title = "Measurements of classical transport of fast ions",
   journal = "Physics of Plasmas",
   year = "2005",
   volume = "12",
   number = "5", 
   eid = 052108,
   pages = "-",
   url = "http://scitation.aip.org/content/aip/journal/pop/12/5/10.1063/1.1905863",
   doi = "http://dx.doi.org/10.1063/1.1905863" 
}


@article{zhou:2012b,
   author = "Zhou, Shu and Heidbrink, W. W. and Boehmer, H. and McWilliams, R. and Carter, T. A. and Vincena, S. and Tripathi, S. K. P. and Van Compernolle, B.",
   title = "Thermal plasma and fast ion transport in electrostatic turbulence in the large plasma devicea)",
   journal = "Physics of Plasmas",
   year = "2012",
   volume = "19",
   number = "5", 
   eid = 055904,
   pages = "-",
   url = "http://scitation.aip.org/content/aip/journal/pop/19/5/10.1063/1.3695341",
   doi = "http://dx.doi.org/10.1063/1.3695341" 
}


  	
@article{bovet:2012,
  author={A. Bovet and I. Furno and A. Fasoli and K. Gustafson and P. Ricci},
  title={Investigation of fast ion transport in TORPEX},
  journal={Nuclear Fusion},
  volume={52},
  number={9},
  pages={094017},
  url={http://stacks.iop.org/0029-5515/52/i=9/a=094017},
  year={2012},
  abstract={Basic aspects of fast ion transport in ideal interchange-mode unstable plasmas are investigated in the simple toroidal plasma device TORPEX. Fast ions are generated by a miniaturized lithium 6+ ion source with energies up to 1 keV, and are detected using a double-gridded energy analyser mounted on a two-dimensional movable system in the poloidal cross-section. The signal-to-noise ratio is enhanced by applying a modulated biasing voltage to the fast ion source and using a synchronous detection scheme. An analogue lock-in amplifier has been developed, which allows removing the capacitive noise associated with the voltage modulation. We characterize vertical and radial transport of the fast ions, which is associated with the plasma turbulence. Initial experimental results show good agreement with numerical simulations of the fast ion transport in a global fluid simulation of the TORPEX plasma.}
}
	
@article{pace:2013,
   author = "D. C. Pace and Austin, M. E. and Bass, E. M. and Budny, R. V. and Heidbrink, W. W. and Hillesheim, J. C. and Holcomb, C. T. and Gorelenkova, M. and Grierson, B. A. and McCune, D. C. and McKee, G. R. and Muscatello, C. M. and Park, J. M. and Petty, C. C. and Rhodes, T. L. and Staebler, G. M. and Suzuki, T. and Van Zeeland, M. A. and Waltz, R. E. and Wang, G. and White, A. E. and Yan, Z. and Yuan, X. and Zhu, Y. B.",
   title = "Energetic ion transport by microturbulence is insignificant in tokamaksa)",
   journal = "Physics of Plasmas",
   year = "2013",
   volume = "20",
   number = "5", 
   eid = 056108,
   pages = "-",
   url = "http://scitation.aip.org/content/aip/journal/pop/20/5/10.1063/1.4803930",
   doi = "http://dx.doi.org/10.1063/1.4803930" 
}

@article{tripathi:2011,
   author = "Tripathi, S. K. P. and Pribyl, P. and Gekelman, W.",
   title = "Development of a radio-frequency ion beam source for fast-ion studies on the large plasma device",
   journal = "Review of Scientific Instruments",
   year = "2011",
   volume = "82",
   number = "9", 
   eid = 093501,
   pages = "-",
   url = "http://scitation.aip.org/content/aip/journal/rsi/82/9/10.1063/1.3631628",
   doi = "http://dx.doi.org/10.1063/1.3631628" 
}









