%% This BibTeX bibliography file was created using BibDesk.
%% http://bibdesk.sourceforge.net/


%% Created for Troy Carter at 2015-07-23 12:04:27 -0700 


%% Saved with string encoding Unicode (UTF-8) 



@article{cite-key,
	Author = {Thorne, R. M. and Li, W. and Ni, B. and Ma, Q. and Bortnik, J. and Chen, L. and Baker, D. N. and Spence, H. E. and Reeves, G. D. and Henderson, M. G. and Kletzing, C. A. and Kurth, W. S. and Hospodarsky, G. B. and Blake, J. B. and Fennell, J. F. and Claudepierre, S. G. and Kanekal, S. G.},
	Date = {2013/12/19/print},
	Date-Added = {2015-07-23 19:03:58 +0000},
	Date-Modified = {2015-07-23 19:03:58 +0000},
	Day = {19},
	Isbn = {0028-0836},
	Journal = {Nature},
	L3 = {10.1038/nature12889; http://www.nature.com/nature/journal/v504/n7480/abs/nature12889.html#supplementary-information},
	M3 = {Letter},
	Month = {12},
	Number = {7480},
	Pages = {411--414},
	Publisher = {Nature Publishing Group, a division of Macmillan Publishers Limited. All Rights Reserved.},
	Title = {Rapid local acceleration of relativistic radiation-belt electrons by magnetospheric chorus},
	Ty = {JOUR},
	Url = {http://dx.doi.org/10.1038/nature12889},
	Volume = {504},
	Year = {2013},
	Bdsk-Url-1 = {http://dx.doi.org/10.1038/nature12889}}
